<record><leader>00000cas a22000007a 4500</leader><controlfield tag="001">17486296</controlfield><controlfield tag="008">880216d19301944deuwr ne      0    0eng d</controlfield><datafield ind1=" " ind2=" " tag="010"><subfield code="a">sn 88053013 </subfield></datafield><datafield ind1=" " ind2=" " tag="040"><subfield code="a">DEX</subfield><subfield code="b">eng</subfield><subfield code="c">DEX</subfield><subfield code="d">OCLCQ</subfield></datafield><datafield ind1=" " ind2=" " tag="042"><subfield code="a">msc</subfield></datafield><datafield ind1="0" ind2="4" tag="245"><subfield code="a">The Delmarva leader.</subfield></datafield><datafield ind1="1" ind2="7" tag="246"><subfield code="a">Leader</subfield></datafield><datafield ind1="1" ind2="7" tag="246"><subfield code="a">Seaford leader</subfield></datafield><datafield ind1=" " ind2=" " tag="260"><subfield code="a">Seaford, Del. :</subfield><subfield code="b">W. Wright Robinson</subfield></datafield><datafield ind1=" " ind2=" " tag="300"><subfield code="a">v.</subfield></datafield><datafield ind1=" " ind2=" " tag="310"><subfield code="a">Weekly</subfield></datafield><datafield ind1="1" ind2=" " tag="362"><subfield code="a">Began in 1930; ceased in 1944?</subfield></datafield><datafield ind1=" " ind2=" " tag="588"><subfield code="a">Description based on: Jan. 19, 1940.</subfield></datafield><datafield ind1=" " ind2=" " tag="752"><subfield code="a">United States</subfield><subfield code="b">Delaware</subfield><subfield code="c">Sussex</subfield><subfield code="d">Seaford.</subfield></datafield><datafield ind1="0" ind2="7" tag="785"><subfield code="t">Seaford news</subfield><subfield code="w">(DLC)sn 88053135</subfield></datafield><datafield ind1="0" ind2="7" tag="785"><subfield code="t">Delmarva leader and the Seaford news</subfield><subfield code="w">(DLC)sn 88053014</subfield></datafield></record>